@Book{fshock,
ALTauthor = {Alvin Toffler},
ALTeditor = {•},
title = {Future Shock},
publisher = {Random House},
year = {1970},
OPTkey = {•},
OPTvolume = {•},
OPTnumber = {•},
OPTseries = {•},
OPTaddress = {•},
OPTedition = {•},
OPTmonth = {•},
OPTnote = {•},
OPTannote = {•}
}

@Misc{websize,
title = {Daily Estimated size of the world wide web},
OPTkey = {•},
OPTauthor = {•},
OPTtitle = {•},
OPThowpublished = {•},
OPTmonth = {•},
OPTyear = {•},
OPTnote = {•},
OPTannote = {•},
url = {http://www.worldwidewebsize.com/}
}

