@Book{fshock,
ALTauthor = {Alvin Toffler},
ALTeditor = {•},
title = {Future Shock},
publisher = {Random House},
year = {1970},
OPTkey = {•},
OPTvolume = {•},
OPTnumber = {•},
OPTseries = {•},
OPTaddress = {•},
OPTedition = {•},
OPTmonth = {•},
OPTnote = {•},
OPTannote = {•}
}

@Misc{websize,
title = {Daily Estimated size of the world wide web},
OPTkey = {•},
OPTauthor = {•},
OPTtitle = {•},
OPThowpublished = {•},
OPTmonth = {•},
OPTyear = {•},
OPTnote = {•},
OPTannote = {•},
url = {http://www.worldwidewebsize.com/}
}

@inproceedings{textrank,
 author = {Rada Mihalcea and Paul Tarau},
 title = {Rada Mihalcea and Paul Tarau},
 booktitle = {Proceedings of the 23rd International Conference on Computational Linguistics},
 url = {https://docs.google.com/viewer?url=http%3A%2F%2Facl.ldc.upenn.edu%2Facl2004%2Femnlp%2Fpdf%2FMihalcea.pdf},

} 


@inproceedings{brin,
    author = {Sergey Brin and Lawrence Page},
    title = {The Anatomy of a Large-Scale Hypertextual Web Search Engine},
    booktitle = {COMPUTER NETWORKS AND ISDN SYSTEMS},
    year = {1998},
    pages = {107--117},
    publisher = {Elsevier Science Publishers B. V.}
}
